@article{9046288,
  author  = {Wu, Zonghan and Pan, Shirui and Chen, Fengwen and Long, Guodong and Zhang, Chengqi and Yu, Philip S.},
  doi     = {10.1109/TNNLS.2020.2978386},
  journal = {IEEE Transactions on Neural Networks and Learning Systems},
  number  = {1},
  pages   = {4-24},
  title   = {A Comprehensive Survey on Graph Neural Networks},
  volume  = {32},
  year    = {2021}
}

@article{velickovic2018graph,
  author  = {Veli{\v{c}}kovi{\'{c}}, Petar and Cucurull, Guillem and Casanova, Arantxa and Romero, Adriana and Li{\`{o}}, Pietro and Bengio, Yoshua},
  journal = {International Conference on Learning Representations},
  note    = {accepted as poster},
  title   = {{Graph Attention Networks}},
  url     = {https://openreview.net/forum?id=rJXMpikCZ},
  year    = {2018}
}

@article{wiki_laplacian,
  journal = {Wikipedia},
  title   = {{Laplacian matrix}},
  url     = {https://en.wikipedia.org/wiki/Laplacian_matrix}
}

@misc{gcn_implementation,
  title = {{My implementation of Graph Convolutional Network in Rust programming language}},
  url   = {https://github.com/NChechulin/graph-convolutional-network}
}

@misc{cora_dataset,
  title = {{The CORA dataset}},
  url   = {https://graphsandnetworks.com/the-cora-dataset/}
}

@misc{karate_club_dataset,
  title = {{Zachary's karate club dataset}},
  url   = {http://www.konect.cc/networks/ucidata-zachary/}
}